<record><leader>00000cas a2200000 a 4500</leader><controlfield tag="001">4073245</controlfield><controlfield tag="007">cr un|||||||||</controlfield><controlfield tag="008">780721c18879999pauwr ne      0   a0eng c</controlfield><datafield ind1=" " ind2=" " tag="010"><subfield code="a">sn 78004057 </subfield></datafield><datafield ind1=" " ind2=" " tag="040"><subfield code="a">HUL</subfield><subfield code="b">eng</subfield><subfield code="c">HUL</subfield><subfield code="d">NSD</subfield><subfield code="d">NPH</subfield><subfield code="d">YOX</subfield><subfield code="d">MFN</subfield><subfield code="d">YOX</subfield><subfield code="d">CLU</subfield><subfield code="d">CNK</subfield><subfield code="d">CUS</subfield><subfield code="d">NYS</subfield><subfield code="d">IUL</subfield><subfield code="d">CLU</subfield><subfield code="d">OCLCQ</subfield><subfield code="d">J9U</subfield><subfield code="d">OCLCQ</subfield><subfield code="d">TXA</subfield><subfield code="d">OCLCQ</subfield><subfield code="d">OCLCF</subfield><subfield code="d">OCLCO</subfield><subfield code="d">OCLCQ</subfield></datafield><datafield ind1=" " ind2=" " tag="012"><subfield code="k">1</subfield><subfield code="m">1</subfield></datafield><datafield ind1="7" ind2=" " tag="016"><subfield code="a">002061779</subfield><subfield code="2">IsJJNL</subfield></datafield><datafield ind1=" " ind2=" " tag="019"><subfield code="a">234081084</subfield></datafield><datafield ind1="0" ind2=" " tag="022"><subfield code="a">0021-6437</subfield><subfield code="l">0021-6437</subfield><subfield code="2">1</subfield></datafield><datafield ind1=" " ind2=" " tag="032"><subfield code="a">275300</subfield><subfield code="b">USPS</subfield></datafield><datafield ind1=" " ind2=" " tag="042"><subfield code="a">nsdp</subfield><subfield code="a">pcc</subfield></datafield><datafield ind1=" " ind2=" " tag="043"><subfield code="a">n-us-pa</subfield></datafield><datafield ind1=" " ind2="4" tag="060"><subfield code="a">015004076</subfield></datafield><datafield ind1="0" ind2=" " tag="210"><subfield code="a">Jew. expon.</subfield></datafield><datafield ind1=" " ind2="0" tag="222"><subfield code="a">Jewish exponent</subfield></datafield><datafield ind1="0" ind2="4" tag="245"><subfield code="a">The Jewish exponent.</subfield></datafield><datafield ind1=" " ind2=" " tag="260"><subfield code="a">Philadelphia, Pa. :</subfield><subfield code="b">Jewish Exponent Pub. Co.</subfield></datafield><datafield ind1=" " ind2=" " tag="300"><subfield code="a">volumes</subfield></datafield><datafield ind1=" " ind2=" " tag="310"><subfield code="a">Weekly</subfield></datafield><datafield ind1=" " ind2=" " tag="336"><subfield code="a">text</subfield><subfield code="b">txt</subfield><subfield code="2">rdacontent</subfield></datafield><datafield ind1=" " ind2=" " tag="337"><subfield code="a">unmediated</subfield><subfield code="b">n</subfield><subfield code="2">rdamedia</subfield></datafield><datafield ind1=" " ind2=" " tag="338"><subfield code="a">volume</subfield><subfield code="b">nc</subfield><subfield code="2">rdacarrier</subfield></datafield><datafield ind1="0" ind2=" " tag="362"><subfield code="a">Vol. 1, no. 1 (Apr. 15, 1887)-</subfield></datafield><datafield ind1=" " ind2=" " tag="500"><subfield code="a">First issue preceded by "Prospectus."</subfield></datafield><datafield ind1=" " ind2=" " tag="500"><subfield code="a">Publisher: Federation of Jewish Agencies of Greater Philadelphia, 1956-</subfield></datafield><datafield ind1=" " ind2=" " tag="515"><subfield code="a">Vol. 126, no. 33-37 omitted in numbering.</subfield></datafield><datafield ind1=" " ind2=" " tag="530"><subfield code="a">Also issued online.</subfield></datafield><datafield ind1=" " ind2=" " tag="530"><subfield code="a">Also issued on microfilm by the American Jewish Periodical Center, Cincinnati, Ohio.</subfield></datafield><datafield ind1=" " ind2=" " tag="550"><subfield code="a">Mar. 8, 1946-Oct. 12, 1956 sponsored by the Federation of Jewish Charities, and: Allied Jewish Appeal of Philadelphia; Oct. 19, 1956- by the Federation of Jewish Agencies of Greater Philadelphia; &lt;Aug. 12, 1994-&gt; by the Jewish Federation of Greater Philadelphia.</subfield></datafield><datafield ind1=" " ind2=" " tag="588"><subfield code="a">Latest issue consulted: Vol. 214, no. 4 (Apr. 24, 2003).</subfield></datafield><datafield ind1=" " ind2="0" tag="650"><subfield code="a">Jewish newspapers</subfield><subfield code="z">Pennsylvania.</subfield></datafield><datafield ind1=" " ind2="0" tag="650"><subfield code="a">Jews</subfield><subfield code="x">Identity</subfield><subfield code="v">Newspapers.</subfield></datafield><datafield ind1=" " ind2="0" tag="651"><subfield code="a">Philadelphia (Pa.)</subfield><subfield code="v">Newspapers.</subfield></datafield><datafield ind1=" " ind2="0" tag="651"><subfield code="a">Philadelphia County (Pa.)</subfield><subfield code="v">Newspapers.</subfield></datafield><datafield ind1=" " ind2="7" tag="650"><subfield code="a">Jewish newspapers.</subfield><subfield code="2">fast</subfield><subfield code="0">(OCoLC)fst00982872</subfield></datafield><datafield ind1=" " ind2="7" tag="650"><subfield code="a">Jews</subfield><subfield code="x">Identity.</subfield><subfield code="2">fast</subfield><subfield code="0">(OCoLC)fst00983278</subfield></datafield><datafield ind1=" " ind2="7" tag="651"><subfield code="a">Pennsylvania.</subfield><subfield code="2">fast</subfield><subfield code="0">(OCoLC)fst01204598</subfield></datafield><datafield ind1=" " ind2="7" tag="651"><subfield code="a">Pennsylvania</subfield><subfield code="z">Philadelphia.</subfield><subfield code="2">fast</subfield><subfield code="0">(OCoLC)fst01204170</subfield></datafield><datafield ind1=" " ind2="7" tag="651"><subfield code="a">Pennsylvania</subfield><subfield code="z">Philadelphia County.</subfield><subfield code="2">fast</subfield><subfield code="0">(OCoLC)fst01217128</subfield></datafield><datafield ind1=" " ind2="7" tag="655"><subfield code="a">Newspapers.</subfield><subfield code="2">fast</subfield><subfield code="0">(OCoLC)fst01423814</subfield></datafield><datafield ind1="2" ind2=" " tag="710"><subfield code="a">Federation of Jewish Charities.</subfield></datafield><datafield ind1="2" ind2=" " tag="710"><subfield code="a">Allied Jewish Appeal of Philadelphia.</subfield></datafield><datafield ind1="2" ind2=" " tag="710"><subfield code="a">Federation of Jewish Agencies of Greater Philadelphia.</subfield></datafield><datafield ind1="2" ind2=" " tag="710"><subfield code="a">Jewish Federation of Greater Philadelphia.</subfield></datafield><datafield ind1=" " ind2=" " tag="752"><subfield code="a">United States</subfield><subfield code="b">Pennsylvania</subfield><subfield code="c">Philadelphia</subfield><subfield code="d">Philadelphia.</subfield></datafield><datafield ind1="0" ind2=" " tag="770"><subfield code="t">Guide to Jewish greater Philadelphia</subfield><subfield code="w">(DLC)  2004222587</subfield><subfield code="w">(OCoLC)54824814</subfield></datafield><datafield ind1="0" ind2="8" tag="776"><subfield code="i">Online version:</subfield><subfield code="t">Jewish exponent</subfield><subfield code="w">(DLC)  2012263147</subfield><subfield code="w">(OCoLC)60630531</subfield></datafield><datafield ind1="4" ind2="1" tag="856"><subfield code="u">http://search.proquest.com/hnpjewishexponent</subfield></datafield><datafield ind1="4" ind2="1" tag="856"><subfield code="u">http://bibpurl.oclc.org/web/6706</subfield><subfield code="u">http://www.jewishexponent.com/</subfield></datafield><datafield ind1="4" ind2="1" tag="856"><subfield code="u">http://www.softlineweb.com/softlineweb/ethnic.htm</subfield></datafield><datafield ind1="1" ind2=" " tag="029"><subfield code="a">AU@</subfield><subfield code="b">000020385209</subfield></datafield></record>